<?xml version="1.0" encoding="UTF-8"?>
<record xmlns="http://www.loc.gov/MARC21/slim">
   <leader>02024cam a22003375  4500</leader>
   <controlfield tag="001">2788352</controlfield>
   <controlfield tag="003">NjP</controlfield>
   <controlfield tag="005">20190705144930.0</controlfield>
   <controlfield tag="008">991123s1922    sy            000 0 ara d</controlfield>
   <datafield tag="024" ind1="7" ind2=" ">
      <subfield code="a">princeton_aco004763</subfield>
      <subfield code="2">local</subfield>
   </datafield>
   <datafield ind1=" " ind2=" " tag="040">
      <subfield code="a">PUL</subfield>
      <subfield code="c">PUL</subfield>
      <subfield code="d">PUL</subfield>
   </datafield>
   <datafield ind1=" " ind2=" " tag="035">
      <subfield code="9">CNJ7405TS</subfield>
   </datafield>
   <datafield ind1=" " ind2=" " tag="035">
      <subfield code="a">(NjP)2788352</subfield>
   </datafield>
   <datafield ind1=" " ind2=" " tag="049">
      <subfield code="a">PULL</subfield>
   </datafield>
   <datafield ind1=" " ind2=" " tag="035">
      <subfield code="a">(OCoLC)ocm42873145</subfield>
   </datafield>
   <datafield ind1="1" ind2=" " tag="100">
      <subfield code="6">880-01</subfield>
      <subfield code="a">Atharī, Nāṣir al-Dīn al-Ḥijāzī.</subfield>
   </datafield>
   <datafield ind1="1" ind2="3" tag="245">
      <subfield code="6">880-02</subfield>
      <subfield code="a">al-Nafkhah ʻalā al-Nafḥah wa-al-minḥah.</subfield>
      <subfield code="b">Wa-talīhā Naẓrah fī al-Nafḥah al-zakīyah fī al-radd ʻalā al-Wahhābīyah.</subfield>
      <subfield code="c">Muʼallifuhā Abu al-Yasār al-Dimashqī al-Maydanī.</subfield>
   </datafield>
   <datafield ind1=" " ind2=" " tag="260">
      <subfield code="6">880-03</subfield>
      <subfield code="a">[Damascus]</subfield>
      <subfield code="b">Maṭbaʻat al-Taraqqī,</subfield>
      <subfield code="c">1922.</subfield>
   </datafield>
   <datafield ind1=" " ind2=" " tag="300">
      <subfield code="a">56, 33 p.</subfield>
      <subfield code="c">23 cm.</subfield>
   </datafield>
   <datafield ind1=" " ind2=" " tag="546">
      <subfield code="a">In Arabic.</subfield>
   </datafield>
   <datafield ind1=" " ind2="0" tag="650">
      <subfield code="6">880-04</subfield>
      <subfield code="a">Wahhābīyah.</subfield>
      <subfield code="0">http://id.loc.gov/authorities/subjects/sh85144813</subfield>
   </datafield>
   <datafield ind1="1" ind2="0" tag="600">
      <subfield code="6">880-05</subfield>
      <subfield code="a">Iskandarānī, ʻAbd al-Qādir ibn Muḥammad Salīm al-Kīlānī.</subfield>
      <subfield code="t">al-Nafḥah al-zakīyah fī al-radd ʻalā shubhat al-firqah al-Wahhābīyah.</subfield>
   </datafield>
   <datafield ind1="1" ind2=" " tag="700">
      <subfield code="6">880-06</subfield>
      <subfield code="a">Maydāni, Abū al-Yasār al-Dimashqī.</subfield>
      <subfield code="t">Naẓrah fī al-Nafḥah al-zakīyah fī al-radd ʻalā shubhat al-firqah al-Wahhabīyah.</subfield>
   </datafield>
   <datafield ind1="1" ind2=" " tag="880">
      <subfield code="6">100-01/r</subfield>
      <subfield code="a">اثري، ناصر الدين الحجازي.</subfield>
   </datafield>
   <datafield ind1="1" ind2="2" tag="880">
      <subfield code="6">245-02/r</subfield>
      <subfield code="a">النفخة علا النفحة والمنحة.</subfield>
      <subfield code="b">وتليها نظرة في النفحة الزكية في الرد علا الوهابية.</subfield>
      <subfield code="c">مؤلفها اب اليسار الدمشقي الميدني.</subfield>
   </datafield>
   <datafield ind1=" " ind2=" " tag="880">
      <subfield code="6">260-03/r</subfield>
      <subfield code="a">[دمشق]</subfield>
      <subfield code="b">مطبعة الترقي،</subfield>
      <subfield code="c">1922.</subfield>
   </datafield>
   <datafield ind1=" " ind2="0" tag="880">
      <subfield code="6">650-04/r</subfield>
      <subfield code="a">وهابية.</subfield>
   </datafield>
   <datafield ind1="1" ind2="0" tag="880">
      <subfield code="6">600-05/r</subfield>
      <subfield code="a">اسكندراني، عبد القادر بن محمد سليم الكيلاني.</subfield>
      <subfield code="t">النفحة الزكية في الرد علا شبهة الفرقة الوهابية.</subfield>
   </datafield>
   <datafield ind1="1" ind2=" " tag="880">
      <subfield code="6">700-06/r</subfield>
      <subfield code="a">ميدان، ابو اليسار الدمشقي.</subfield>
      <subfield code="t">نظرة في النفحة الزكية في الرد علا شبهة الفرقة الوهبية.</subfield>
   </datafield>
   <datafield ind1=" " ind2=" " tag="911">
      <subfield code="a">20000130</subfield>
   </datafield>
   <datafield ind1=" " ind2=" " tag="994">
      <subfield code="a">C0</subfield>
      <subfield code="b">PUL</subfield>
   </datafield>
   <datafield ind1=" " ind2=" " tag="999">
      <subfield code="a">2788352</subfield>
   </datafield>
   <datafield ind1=" " ind2=" " tag="979">
      <subfield code="a">(OCoLC)ocn178698801</subfield>
   </datafield>
   <datafield ind1="8" ind2="0" tag="852">
      <subfield code="0">3099316</subfield>
      <subfield code="b">rcppa</subfield>
      <subfield code="t">1</subfield>
      <subfield code="h">2271.504658.563</subfield>
      <subfield code="x">tr fr f</subfield>
   </datafield>
   <datafield ind1=" " ind2=" " tag="959">
      <subfield code="a">2011-03-28 15:30:06 -0500</subfield>
   </datafield>
</record>
